
@article{wang_research_2009,
	title = {Research progress on Merremia boisiana},
	volume = {28},
	pages = {2360--2365},
	number = {11},
	journaltitle = {Chinese Journal of Ecology},
	author = {Wang, Bosun and Peng, Shaolin and Li, Daijiang and Zhou, Ting},
	date = {2009}
}

@article{li_drivers_2014,
	title = {Drivers of observed biotic homogenization in pine barrens of central Wisconsin},
	issn = {0012-9658},
	url = {http://www.esajournals.org/doi/abs/10.1890/14-0893.1},
	doi = {10.1890/14-0893.1},
	journaltitle = {Ecology},
	shortjournal = {Ecology},
	author = {Li, Daijiang and Waller, Donald M.},
	urldate = {2015-02-02},
	date = {2015}
}

@article{li_effects_2013,
	title = {The effects of leaf litter evenness on decomposition depend on which plant functional group is dominant},
	volume = {365},
	issn = {0032-079X, 1573-5036},
	url = {http://link.springer.com/article/10.1007/s11104-012-1337-x},
	doi = {10.1007/s11104-012-1337-x},
	pages = {255--266},
	number = {1},
	journaltitle = {Plant and Soil},
	shortjournal = {Plant Soil},
	author = {Li, Daijiang and Peng, Shaolin and Chen, Baoming},
	date = {2013},
}

@article{chen_non-additive_2013,
	title = {Non-Additive Effects on Decomposition from Mixing Litter of the Invasive Mikania micrantha H.B.K. with Native Plants},
	volume = {8},
	url = {http://dx.doi.org/10.1371/journal.pone.0066289},
	doi = {10.1371/journal.pone.0066289},
	pages = {e66289},
	number = {6},
	journaltitle = {{PLoS} {ONE}},
	shortjournal = {{PLoS} {ONE}},
	author = {Chen, Baoming and Peng, Shaolin and Dâ€™Antonio, Carla M. and Li, Daijiang and Ren, Wentao},
	date = {2013-06-20},
}